@book{openclbook,
  title={Heterogeneous Computing With OpenCL},
  author={Gaster, B.R. and Howes, L. and Kaeli, D.R.},
  isbn={9780123877666},
  lccn={2011020169},
  url={http://books.google.at/books?id=qUJVU8RH3jEC},
  year={2011},
  publisher={Morgan Kaufmann}
}

@online{gpu_history,
	author = {Chris McClanahan},
	title = {History and Evolution of GPU Architecture},
	date = {2010},
	url = {http://mcclanahoochie.com/blog/wp-content/uploads/2011/03/gpu-hist-paper.pdf},
	subtitle = {A Paper Survey},
	language = {english},
	organization = {Georgia Tech College of Computing},
	urldate = {2013-03-23},
}
