@online{risc_website,
	author = {Dipl.-Ing. Wolfgang Freiseisen},
	title = {RISC Software GmbH},
	date = {2013},
	url = {http://www.risc-software.at},
	organization = {RISC Software GmbH},
	urldate = {2013-08-27},
}
